<?xml version="1.0" encoding="UTF-8"?><collection xmlns="http://www.loc.gov/MARC21/slim"><record><leader>00414nam--2200145-i-4500</leader><controlfield tag="001">000031591</controlfield><controlfield tag="002">20161230</controlfield><controlfield tag="005">20161230201038</controlfield><controlfield tag="008">060222s1000------------r-----000-0-eng-d</controlfield><datafield ind1=" " ind2=" " tag="080"><subfield code="a">621.9</subfield></datafield><datafield ind1=" " ind2=" " tag="100"><subfield code="a">Hicks, Tyler G</subfield></datafield><datafield ind1=" " ind2=" " tag="245"><subfield code="a">Machine design calculations reference guide</subfield></datafield><datafield ind1=" " ind2=" " tag="260"><subfield code="a">New York, Mcgraw-hill Book Company, 1987. 184p</subfield></datafield><datafield ind1=" " ind2=" " tag="490"><subfield code="a">The Mcgraw-hill Engineering Reference Guide Series</subfield></datafield><datafield ind1=" " ind2=" " tag="852"><subfield code="a">79395</subfield></datafield></record></collection>